<?xml version="1.0" encoding="UTF-8"?><record xmlns="http://www.loc.gov/MARC21/slim" xmlns:cinclude="http://apache.org/cocoon/include/1.0" xmlns:zs="http://www.loc.gov/zing/srw/">
  <leader>00636cz  a2200157n  4500</leader>
  <controlfield tag="001">n  81146536 </controlfield>
  <controlfield tag="003">DLC</controlfield>
  <controlfield tag="005">20061031074842.0</controlfield>
  <controlfield tag="008">820218n| acannaab           |a aaa      </controlfield>
  <datafield tag="010" ind1=" " ind2=" ">
    <subfield code="a">n  81146536 </subfield>
    <subfield code="z">n 2003097019</subfield>
  </datafield>
  <datafield tag="040" ind1=" " ind2=" ">
    <subfield code="a">DLC</subfield>
    <subfield code="c">DLC</subfield>
    <subfield code="d">DLC</subfield>
  </datafield>
  <datafield tag="100" ind1="1" ind2=" ">
    <subfield code="a">Sweet, Leonard I.</subfield>
  </datafield>
  <datafield tag="400" ind1="1" ind2=" ">
    <subfield code="a">Sweet, Leonard Ira</subfield>
  </datafield>
  <datafield tag="670" ind1=" " ind2=" ">
    <subfield code="a">His Black images of America, 1784-1870, c1976.</subfield>
  </datafield>
  <datafield tag="670" ind1=" " ind2=" ">
    <subfield code="a">His New life in the Spirit, c1982:</subfield>
    <subfield code="b">CIP t.p. (Leonard I. Sweet) data s. (b. May 14, 1947) publr. info. sht. (Leonard Ira Sweet)</subfield>
  </datafield>
  <datafield tag="670" ind1=" " ind2=" ">
    <subfield code="a">Jesus drives me crazy! c2003:</subfield>
    <subfield code="b">ECIP t.p. (Leonard Sweet) data view (b. 1947; founder &amp; pres. of SpiritVenture Ministries)</subfield>
  </datafield>
</record>